@article{fornberg1988,
  title={Generation of finite difference formulas on arbitrarily spaced grids},
  author={Fornberg, Bengt},
  journal={Mathematics of computation},
  volume={51},
  number={184},
  pages={699--706},
  year={1988}
}
