@book{boole1880,
  title={A treatise on the calculus of finite differences},
  author={Boole, George and Moulton, John Fletcher},
  year={1880},
  publisher={Macmillan and Company}
}

@book{hildebrand1987,
  title={Introduction to Numerical Analysis},
  author={Hildebrand, F.B.},
  isbn={9780486653631},
  lccn={lc87005370},
  series={Dover books on advanced mathematics},
  year={1987},
  publisher={Dover Publications}
}

@book{milne1933,
  title={The calculus of finite differences},
  author={Milne-Thomson, LM},
  year={1933},
  publisher={London: Macmillan}
}

@book{olver2014,
  title={Introduction to partial differential equations},
  author={Olver, Peter J},
  year={2014},
  publisher={Springer}
}

@book{stocker2011,
  title={Introduction to Climate Modelling},
  author={Stocker, T.},
  isbn={9783642007736},
  lccn={2011929501},
  series={Advances in Geophysical and Environmental Mechanics and Mathematics},
  year={2011},
  publisher={Springer Berlin Heidelberg}
}
